<?xml version="1.0" encoding="UTF-8"?><record xmlns="http://www.loc.gov/MARC21/slim" xmlns:cinclude="http://apache.org/cocoon/include/1.0" xmlns:zs="http://www.loc.gov/zing/srw/">
  <leader>00511cz  a2200157n  4500</leader>
  <controlfield tag="001">nr 95036654 </controlfield>
  <controlfield tag="003">DLC</controlfield>
  <controlfield tag="005">19951214055609.9</controlfield>
  <controlfield tag="008">951005n| acannaab|          |a aaa     c</controlfield>
  <datafield tag="010" ind1=" " ind2=" ">
    <subfield code="a">nr 95036654 </subfield>
  </datafield>
  <datafield tag="040" ind1=" " ind2=" ">
    <subfield code="a">NjP</subfield>
    <subfield code="c">NjP</subfield>
    <subfield code="d">NjP</subfield>
  </datafield>
  <datafield tag="100" ind1="1" ind2="0">
    <subfield code="a">Nagano, Taizō,</subfield>
    <subfield code="d">1922-</subfield>
  </datafield>
  <datafield tag="400" ind1="1" ind2="0">
    <subfield code="a">Nagano, Tazō,</subfield>
    <subfield code="d">1922-</subfield>
  </datafield>
  <datafield tag="670" ind1=" " ind2=" ">
    <subfield code="a">Saidaiji sharitō jūniten, 1994:</subfield>
    <subfield code="b">t.p. (Nagano Taizō) colophon (r.; Nagano Tazō)</subfield>
  </datafield>
  <datafield tag="670" ind1=" " ind2=" ">
    <subfield code="a">NDL choshamei, 1991</subfield>
    <subfield code="b">(Nagano, Taizō; b. 1922)</subfield>
  </datafield>
  <datafield tag="670" ind1=" " ind2=" ">
    <subfield code="a">LC manual cat.</subfield>
    <subfield code="b">(hdg.: Nagano, Taizō)</subfield>
  </datafield>
</record>